@inproceedings{zlateski2016znn,
  title={ZNN - A fast and scalable algorithm for training 3D
                  convolutional networks on multi-core and many-core
                  shared memory machines},
  author={Zlateski, Aleksandar and Lee, Kisuk and Seung, H Sebastian},
  booktitle={Proceedings of the 2016 IEEE International Parallel \&
                  Distributed Processing Symposium},
  series = {IPDPS '16},
  year={2016},
  pages={801--811},
  numpages={11},
}

@article{zlateski2016znni,
  title={ZNNi - Maximizing the Inference Throughput of 3D Convolutional Networks on Multi-Core CPUs and GPUs},
  author={Zlateski, Aleksandar and Lee, Kisuk and Seung, H Sebastian},
  journal={arXiv preprint arXiv:1606.05688},
  year={2016}
}

@misc{cpu-myth,
title = {Myth Busted: General Purpose CPUs Canâ€™t Tackle Deep Neural Network Training},
howpublished = "\url{http://itpeernetwork.intel.com/myth-busted-general-purpose-cpus-cant-tackle-deep-neural-network-training/}"
}

@misc{idlf,
title = {The Intel(R) Deep Learning Framework},
howpublished = "\url{https://github.com/01org/idlf}"
}

@misc{mkl-dnn,
title = {Intel(R) Math Kernel Library for Deep Neural Networks},
howpublished = "\url{https://github.com/01org/mkl-dnn}"
}

@misc{neonnervana,
  title={Neon},
  author={Nervana},
  howpublished={\url{https://github.com/NervanaSystems/neon}}
}

@inproceedings{hadjis2015shallow,
  title={Shallow ideas to speed up deep learning},
  author={Hadjis, S and Abuzaid, F and Zhang, C and con Troll, C R{\'e} Caffe},
  booktitle={Workshop on Data analytics in the Cloud (DanaC)},
  year={2015}
}

@article{chetlur2014cudnn,
  title={cudnn: Efficient primitives for deep learning},
  author={Chetlur, Sharan and Woolley, Cliff and Vandermersch,
                  Philippe and Cohen, Jonathan and Tran, John and
                  Catanzaro, Bryan and Shelhamer, Evan},
  journal={arXiv preprint arXiv:1410.0759},
  year={2014}
}

@inproceedings{szegedy2015going,
  title={Going deeper with convolutions},
  author={Szegedy, Christian and Liu, Wei and Jia, Yangqing and Sermanet, Pierre and Reed, Scott and Anguelov, Dragomir and Erhan, Dumitru and Vanhoucke, Vincent and Rabinovich, Andrew},
  booktitle={Proceedings of the IEEE Conference on Computer Vision and Pattern Recognition},
  pages={1--9},
  year={2015}
}

@book{jeffers2016knl,
  title={Intel Xeon Phi Processor High Performance Programming:
                  Knights Landing Edition, Edition 2},
  author={Jeffers, Jim and Reinders, James and Sodani, Avinash},
  year={2016},
  publisher={Morgan Kaufmann}
}

@inproceedings{ronneberger2015u,
  title={U-net: Convolutional networks for biomedical image segmentation},
  author={Ronneberger, Olaf and Fischer, Philipp and Brox, Thomas},
  booktitle={International Conference on Medical Image Computing and Computer-Assisted Intervention},
  pages={234--241},
  year={2015},
  organization={Springer}
}

@book{jeffers2015high,
  title={High Performance Parallelism Pearls Volume Two: Multicore and Many-core Programming Approaches},
  author={Jeffers, Jim and Reinders, James},
  year={2015},
  publisher={Morgan Kaufmann}
}

@article{simonyan2014very,
  title={Very deep convolutional networks for large-scale image recognition},
  author={Simonyan, Karen and Zisserman, Andrew},
  journal={arXiv preprint arXiv:1409.1556},
  year={2014}
}

@inproceedings{krizhevsky2012imagenet,
  title={Imagenet classification with deep convolutional neural networks},
  author={Krizhevsky, Alex and Sutskever, Ilya and Hinton, Geoffrey E},
  booktitle={Advances in neural information processing systems},
  pages={1097--1105},
  year={2012}
}

@article{sermanet2013overfeat,
  title={Overfeat: Integrated recognition, localization and detection using convolutional networks},
  author={Sermanet, Pierre and Eigen, David and Zhang, Xiang and Mathieu, Micha{\"e}l and Fergus, Rob and LeCun, Yann},
  journal={arXiv preprint arXiv:1312.6229},
  year={2013}
}

@article{lee2015recursive,
  title={Recursive Training of 2D-3D Convolutional Networks for Neuronal Boundary Detection},
  author={Lee, Kisuk and Zlateski, Aleksandar and Vishwanathan, Ashwin and Seung, H Sebastian},
  journal={arXiv preprint arXiv:1508.04843},
  year={2015}
}

@inproceedings{jain2007supervised,
  title={Supervised learning of image restoration with convolutional networks},
  author={Jain, Viren and Murray, Joseph F and Roth, Fabian and Turaga, Srinivas and Zhigulin, Valentin and Briggman, Kevin L and Helmstaedter, Moritz N and Denk, Winfried and Seung, H Sebastian},
  booktitle={Computer Vision, 2007. ICCV 2007. IEEE 11th International Conference on},
  pages={1--8},
  year={2007},
  organization={IEEE}
}

@inproceedings{jia2014caffe,
  title={Caffe: Convolutional architecture for fast feature embedding},
  author={Jia, Yangqing and Shelhamer, Evan and Donahue, Jeff and Karayev, Sergey and Long, Jonathan and Girshick, Ross and Guadarrama, Sergio and Darrell, Trevor},
  booktitle={Proceedings of the ACM International Conference on Multimedia},
  pages={675--678},
  year={2014},
  organization={ACM}
}

@book{reinders2007intel,
  title={Intel threading building blocks: outfitting C++ for multi-core processor parallelism},
  author={Reinders, James},
  year={2007},
  publisher={" O'Reilly Media, Inc."}
}


@article{viebke2015potential,
  title={The Potential of the Intel Xeon Phi for Supervised Deep Learning},
  author={Viebke, Andre and Pllana, Sabri},
  journal={arXiv preprint arXiv:1506.09067},
  year={2015}
}

@InProceedings{long2015fully,
  author={Long, Jonathan and Shelhamer, Evan and Darrell, Trevor},
  title={Fully Convolutional Networks for Semantic Segmentation},
  booktitle={The IEEE Conference on Computer Vision and Pattern Recognition (CVPR)},
  month={June},
  year={2015}
}

@inproceedings{willhalm2008putting,
  title={Putting intel{\textregistered} threading building blocks to work},
  author={Willhalm, Thomas and Popovici, Nicolae},
  booktitle={Proceedings of the 1st international workshop on Multicore software engineering},
  pages={3--4},
  year={2008},
  organization={ACM}
}
